<?xml version="1.0" encoding="UTF-8"?><collection xmlns="http://www.loc.gov/MARC21/slim"><record><leader>00498nam--2200181-i-4500</leader><controlfield tag="001">000004304</controlfield><controlfield tag="002">20161230</controlfield><controlfield tag="005">20170114163044</controlfield><controlfield tag="008">060222s1000------------r-----000-0-eng-d</controlfield><datafield ind1=" " ind2=" " tag="040"><subfield code="a">IFIN-HH</subfield></datafield><datafield ind1=" " ind2=" " tag="080"><subfield code="a">530.14</subfield></datafield><datafield ind1="1" ind2=" " tag="100"><subfield code="a">Bethe, Hans A</subfield></datafield><datafield ind1="1" ind2="0" tag="245"><subfield code="a">Quantum mechanics of one-and two-electron atoms</subfield><subfield code="c">H.A. Bethe, E.E. Salperer</subfield></datafield><datafield ind1=" " ind2=" " tag="260"><subfield code="a">Berlin</subfield><subfield code="b">Springer-Verlag</subfield><subfield code="c">1957</subfield></datafield><datafield ind1=" " ind2=" " tag="300"><subfield code="a">VIII + 368 p. CU FIG</subfield></datafield><datafield ind1="1" ind2=" " tag="700"><subfield code="a">Salperer, E.E</subfield></datafield><datafield ind1=" " ind2=" " tag="852"><subfield code="a">13597</subfield><subfield code="c">530.14</subfield></datafield><datafield ind1=" " ind2=" " tag="CAT"><subfield code="a">SYS</subfield><subfield code="c">20170114</subfield><subfield code="h">163044</subfield></datafield></record></collection>